@incollection{Kremling2007,
address = {Weinheim, Germany},
author = {Kremling, K and Brgmann, L.},
booktitle = {Methods of Seawater Analysis},
chapter = {2},
doi = {10.1002/9783527613984.ch2},
edition = {Third},
editor = {Grasshoff, Klaus and Kremling, Klaus and Ehrhardt, Manfred},
isbn = {9783527613984},
keywords = {filters,filtration techniques,pressure filtration,storage,vacuum filtration},
pages = {27--40},
publisher = {Wiley-VCH Verlag GmbH},
title = {{Filtration and storage}},
url = {http://doi.wiley.com/10.1002/9783527613984.ch2},
year = {2007}
}
@incollection{Hansen2007a,
author = {Hansen, H P and Koroleff, F},
booktitle = {Methods of Seawater Analysis},
chapter = {10},
doi = {10.1002/9783527613984.ch10},
edition = {third},
editor = {Grasshoff, Klaus and Kremling, Klaus and Ehrhardt, Manfred},
isbn = {9783527613984},
keywords = {chemistry of nutrients,determination of nutrients,marine environment,oceanic distributions of nutrients,pretreatment of samples},
pages = {159--228},
publisher = {Wiley-VCH Verlag GmbH},
title = {{Determination of nutrients}},
url = {http://dx.doi.org/10.1002/9783527613984.ch10},
year = {2007}
}
@book{grasshoff1978,
archivePrefix = {arXiv},
arxivId = {arXiv:1011.1669v3},
booktitle = {Marine Chemistry},
doi = {10.1002/9783527613984},
edition = {Third, com},
editor = {Grasshoff, Klaus and Kremling, Klaus and Ehrhardt, Manfred},
eprint = {arXiv:1011.1669v3},
file = {:Users/engels/Library/Application Support/Mendeley Desktop/Downloaded/Wangersky - 1978 - Methods of seawater analysis.pdf:pdf},
isbn = {9783527295890},
issn = {03044203},
number = {1},
pages = {86--87},
pmid = {19491502},
publisher = {Wiley-VCH Verlag GmbH},
title = {{Methods of seawater analysis}},
url = {http://linkinghub.elsevier.com/retrieve/pii/0304420378900452},
volume = {7},
year = {1978}
}
@incollection{Aminot2007,
author = {Aminot, Alain and K{\'{e}}rouel, Roger},
booktitle = {Dosage automatique des nutriments dans les eaux marines: m{\'{e}}thodes en flux continu},
chapter = {IV},
edition = {M{\'{e}}thodes d},
editor = {Ifremer and Quae},
isbn = {978-2-7592-0023-8},
keywords = {Aminot,Dosage automatique,K{\'{e}}rouel,eaux marines,nutriment},
mendeley-tags = {Dosage automatique,nutriment,eaux marines},
pages = {188},
title = {{L'analyse des eaux marines : du pr{\'{e}}l{\'{e}}vement au r{\'{e}}sultat}},
url = {http://www.quae.com/fr/r1172-dosage-automatique-des-nutriments-dans-les-eaux-marines.html},
year = {2007}
}
